<?xml version="1.0" encoding="UTF-8"?><record xmlns="http://www.loc.gov/MARC21/slim" xmlns:cinclude="http://apache.org/cocoon/include/1.0" xmlns:zs="http://www.loc.gov/zing/srw/">
  <leader>00558cz  a2200169n  4500</leader>
  <controlfield tag="001">no 97009859 </controlfield>
  <controlfield tag="003">DLC</controlfield>
  <controlfield tag="005">20130313100947.0</controlfield>
  <controlfield tag="008">970214n| azannaab           |a aaa     c</controlfield>
  <datafield tag="010" ind1=" " ind2=" ">
    <subfield code="a">no 97009859 </subfield>
  </datafield>
  <datafield tag="035" ind1=" " ind2=" ">
    <subfield code="a">(OCoLC)oca04271553</subfield>
  </datafield>
  <datafield tag="040" ind1=" " ind2=" ">
    <subfield code="a">PPPrHi</subfield>
    <subfield code="b">eng</subfield>
    <subfield code="e">rda</subfield>
    <subfield code="c">PPPrHi</subfield>
    <subfield code="d">DLC</subfield>
  </datafield>
  <datafield tag="046" ind1=" " ind2=" ">
    <subfield code="f">1844</subfield>
  </datafield>
  <datafield tag="100" ind1="1" ind2=" ">
    <subfield code="a">Parsons, Ellen C.,</subfield>
    <subfield code="d">1844-</subfield>
  </datafield>
  <datafield tag="400" ind1="1" ind2=" ">
    <subfield code="w">nnea</subfield>
    <subfield code="a">Parsons, Ellen C.,</subfield>
    <subfield code="d">b. 1844</subfield>
  </datafield>
  <datafield tag="670" ind1=" " ind2=" ">
    <subfield code="a">Outline of lectures on Christus Liberator, 1905:</subfield>
    <subfield code="b">t.p. (Ellen C. Parsons)</subfield>
  </datafield>
  <datafield tag="670" ind1=" " ind2=" ">
    <subfield code="a">OCLC, Feb. 10, 1997</subfield>
    <subfield code="b">(hdg.: Parsons, Ellen C., 1844- ; usage: Ellen C. Parsons)</subfield>
  </datafield>
</record>